{
  "leader": "04177cam a2200349 i 4500",
  "fields": [
    {
      "001": "ocm01980478\\"
    },
    {
      "003": "OCoLC"
    },
    {
      "005": "20230104125440.0"
    },
    {
      "008": "760210s1963\\\\\\\\couabc\\\\\\\\\\\\\\\\000\\0\\eng\\\\"
    },
    {
      "010": {
        "ind1": "\\",
        "ind2": "\\",
        "subfields": [
          {
            "a": "   63015248 "
          }
        ]
      }
    },
    {
      "040": {
        "ind1": "\\",
        "ind2": "\\",
        "subfields": [
          {
            "a": "DLC"
          },
          {
            "b": "eng"
          },
          {
            "c": "JNA"
          },
          {
            "d": "SER"
          },
          {
            "d": "OCL"
          },
          {
            "d": "OCLCQ"
          },
          {
            "d": "CLU"
          },
          {
            "d": "OCLCF"
          },
          {
            "d": "OCLCQ"
          },
          {
            "d": "OCLCO"
          },
          {
            "d": "QQ3"
          },
          {
            "d": "BBF"
          },
          {
            "d": "OKX"
          },
          {
            "d": "OCLCO"
          },
          {
            "d": "OCLCQ"
          }
        ]
      }
    },
    {
      "035": {
        "ind1": "\\",
        "ind2": "\\",
        "subfields": [
          {
            "a": "(OCoLC)1980478"
          }
        ]
      }
    },
    {
      "043": {
        "ind1": "\\",
        "ind2": "\\",
        "subfields": [
          {
            "a": "n-us-co"
          }
        ]
      }
    },
    {
      "050": {
        "ind1": "\\",
        "ind2": "4",
        "subfields": [
          {
            "a": "F776"
          },
          {
            "b": ".T39 1963"
          }
        ]
      }
    },
    {
      "082": {
        "ind1": "0",
        "ind2": "4",
        "subfields": [
          {
            "a": "978.8"
          },
          {
            "b": "TAY"
          }
        ]
      }
    },
    {
      "100": {
        "ind1": "1",
        "ind2": "\\",
        "subfields": [
          {
            "a": "Taylor, Ralph C."
          }
        ]
      }
    },
    {
      "245": {
        "ind1": "1",
        "ind2": "0",
        "subfields": [
          {
            "a": "Colorado :"
          },
          {
            "b": "south of the border /"
          },
          {
            "c": "Ralph C. Taylor."
          }
        ]
      }
    },
    {
      "260": {
        "ind1": "\\",
        "ind2": "\\",
        "subfields": [
          {
            "a": "Denver :"
          },
          {
            "b": "Sage Books,"
          },
          {
            "c": "[1963]"
          }
        ]
      }
    },
    {
      "300": {
        "ind1": "\\",
        "ind2": "\\",
        "subfields": [
          {
            "a": "561 pages :"
          },
          {
            "b": "illustrations, portraits, maps ;"
          },
          {
            "c": "22 cm"
          }
        ]
      }
    },
    {
      "336": {
        "ind1": "\\",
        "ind2": "\\",
        "subfields": [
          {
            "a": "text"
          },
          {
            "b": "txt"
          },
          {
            "2": "rdacontent"
          }
        ]
      }
    },
    {
      "337": {
        "ind1": "\\",
        "ind2": "\\",
        "subfields": [
          {
            "a": "unmediated"
          },
          {
            "b": "n"
          },
          {
            "2": "rdamedia"
          }
        ]
      }
    },
    {
      "338": {
        "ind1": "\\",
        "ind2": "\\",
        "subfields": [
          {
            "a": "volume"
          },
          {
            "b": "nc"
          },
          {
            "2": "rdacarrier"
          }
        ]
      }
    },
    {
      "505": {
        "ind1": "2",
        "ind2": "\\",
        "subfields": [
          {
            "a": "Foreword -- The Arkansas River -- lone wolf of the Rockies -- Water, the miracle of \"the Great American Desert\" -- Civil War rebels on the Greenhorn -- Penitentes in southeastern Colorado -- La Veta, Col. John M. Francisco's paradise -- Kit Carson put duty to country foremost in his life of adventure -- Uncle Dick Wootton lived through the great transition in Colorado -- Wootton was among first builders of Colorado -- Charles Goodnight blazed first Colorado cattle trails -- Tom Tobin stopped the blood trail of the murderous Espinosas -- White man pushed buffalo and Indian from the Colorado scene -- Reynolds bandit gold still may be buried in Colorado -- Bent County spawns eight other counties -- Lamar was cattleman's last holdout -- Salvation Army founded Amity as colony for underprivileged -- Valley of Purgatoire Oasis for early Spanish explorations -- Walsenburg began as La Plaza De Los Leones -- Miguel A. Otero, founder of La Junta -- George W. Swink made Rocky Ford Cantaloupe famous -- Utes massacred El Pueblo populace Christmas Day, 1854 -- Pueblo Mormon village first Anglo-Saxon settlement in Colorado -- Pueblo schools were early day laboratories of educational plans -- Guggenheims started industrial empire in Colorado -- Colorado Fuel & Iron Corp. -- the industry that is building the West -- Damon Runyon, Colorado's Kipling, spent his boyhood in Pueblo -- Sister Blandina talked Billy the Kid out of murdering Trinidad doctors -- Bat Masterson shot up both sides of law and order -- Fingerprint and postal service trapped Lamar's Fleagle Gang -- World celebrities visit historic Don K Ranch [Dr. Edward Doisy] [Dr. John Bugher] [Baroness Gabriel Barracco] [Pierre Fermin-Ditot] [Raymond Ingram] [Arthur Lotz] [Hugh Rose] [Count von Blumenfield] [Sandford Luftig] -- Ford Frick goes from Walsenburg first base to baseball commissioner -- World beats path to Rocky Ford door of inventor Francis H. Clute -- The solid Muldoon hoax of 1878 -- Coin Harvey was builder of Utopian palaces -- Historic monuments, markers, plaques, memorials and statues -- Origin of names."
          }
        ]
      }
    },
    {
      "505": {
        "ind1": "2",
        "ind2": "\\",
        "subfields": [
          {
            "a": "Illustrations: Remnants of Bent's Fort -- Col. William W. Bent -- Charles Bent -- Ceran St. Vrain -- Alexander Hicklin -- Mrs. Estefana Bent Hicklin -- Statue of Senator Thomas Benton -- Charles Autobees -- St. Vrain cemetery -- Capt. Charles Deus -- Col. John M. Francisco -- Richens L. Wootton -- The Pueblo Wootton knew -- Col. John M. Chivington -- Battle of Sand Creek -- Hiram S. Holly -- L.Q.C. Lamar -- Casimiro Barela -- James A. McCandless -- Anson Rudd -- Streamliners use Wootton Toll Road -- George M. Ordway -- Oliver H.P. Baxter -- Capt. J.J. Reynolds -- Charles Allen Mine -- John D. Rockefeller, Jr., and W.L.M. King -- Ludlow tent colony -- After the fire at Ludlow -- Damon Runyon -- William Bonney, Billy the Kid -- William Barclay (Bat) Masterson -- Madonna of the Trail -- Monument to Christopher Columbus."
          }
        ]
      }
    },
    {
      "505": {
        "ind1": "0",
        "ind2": "\\",
        "subfields": [
          {
            "a": "Maps: Mexican land grants in Colorado -- Principal trails in 1840s and 1850s -- Santa Fe Trail."
          }
        ]
      }
    },
    {
      "651": {
        "ind1": "\\",
        "ind2": "0",
        "subfields": [
          {
            "a": "Colorado"
          },
          {
            "x": "History."
          }
        ]
      }
    },
    {
      "651": {
        "ind1": "\\",
        "ind2": "7",
        "subfields": [
          {
            "a": "Colorado."
          },
          {
            "2": "fast"
          },
          {
            "0": "(OCoLC)fst01210251"
          }
        ]
      }
    },
    {
      "655": {
        "ind1": "\\",
        "ind2": "7",
        "subfields": [
          {
            "a": "History."
          },
          {
            "2": "fast"
          },
          {
            "0": "(OCoLC)fst01411628"
          }
        ]
      }
    },
    {
      "776": {
        "ind1": "0",
        "ind2": "8",
        "subfields": [
          {
            "i": "Online version:"
          },
          {
            "a": "Taylor, Ralph C."
          },
          {
            "t": "Colorado, south of the border."
          },
          {
            "d": "Denver, Sage Books [1963]"
          },
          {
            "w": "(OCoLC)1019823016"
          }
        ]
      }
    },
    {
      "994": {
        "ind1": "\\",
        "ind2": "\\",
        "subfields": [
          {
            "a": "Z0"
          },
          {
            "b": "NYRVC"
          }
        ]
      }
    },
    {
      "948": {
        "ind1": "\\",
        "ind2": "\\",
        "subfields": [
          {
            "h": "NO HOLDINGS IN NYRVC - 133 OTHER HOLDINGS"
          }
        ]
      }
    },
    {
      "999": {
        "ind1": "\\",
        "ind2": "\\",
        "subfields": [
          {
            "a": "00000000017753"
          }
        ]
      }
    }
  ]
}